@misc{mackay2023lowcost,
      title={Low-cost, Low-loss, Ultra-wideband Compact Feed for Interferometric Radio Telescopes}, 
      author={Vincent MacKay and Mark Lai and Peter Shmerko and Dallas Wulf and Leonid Belostotski and Keith Vanderlinde},
      year={2023},
      eprint={2210.07477},
      archivePrefix={arXiv},
      primaryClass={astro-ph.IM}
}

@misc{NRAOlectures,
title={NRAO Lectures Chapter 3: Radio Telescopes and Radiometers},
author={Condon, James J. and Ransom, Scott M},
year={2018},
note={url: https://www.cv.nrao.edu/~sransom/web/Ch3.html}
}

@ARTICLE{2018_HIMF,
       author = {{Jones}, Michael G. and {Haynes}, Martha P. and {Giovanelli}, Riccardo and {Moorman}, Crystal},
        title = "{The ALFALFA H I mass function: a dichotomy in the low-mass slope and a locally suppressed `knee' mass}",
      journal = {Monthly Notices of the RAS},
     keywords = {surveys, galaxies: luminosity function, mass function, radio lines: galaxies, Astrophysics - Astrophysics of Galaxies},
         year = 2018,
        month = jun,
       volume = {477},
       number = {1},
        pages = {2-17},
          doi = {10.1093/mnras/sty521},
archivePrefix = {arXiv},
       eprint = {1802.00053},
 primaryClass = {astro-ph.GA},
       adsurl = {https://ui.adsabs.harvard.edu/abs/2018MNRAS.477....2J},
      adsnote = {Provided by the SAO/NASA Astrophysics Data System}
}
